<?xml version = "1.0" encoding = "UTF-8"?><OAI-PMH xmlns="http://www.openarchives.org/OAI/2.0/" xmlns:xsi="http://www.w3.org/2001/XMLSchema-instance" xsi:schemaLocation="http://www.openarchives.org/OAI/2.0/ http://www.openarchives.org/OAI/2.0/OAI-PMH.xsd"><ListRecords><record><header><identifier>aleph-publish:022816923</identifier></header><metadata><record xmlns="http://www.ddb.de/professionell/mabxml/mabxml-1.xsd"><leader>03970nM2.01200024------h</leader><controlfield tag="LDR">03970nM2.01200024------h</controlfield><controlfield tag="FMT">MH</controlfield><datafield tag="001" ind1="-" ind2="1"><subfield code="a">HT020008571</subfield></datafield><datafield tag="002" ind1="b" ind2="1"><subfield code="a">20190320</subfield></datafield><datafield tag="003" ind1="-" ind2="1"><subfield code="a">20190404</subfield></datafield><datafield tag="026" ind1="-" ind2="1"><subfield code="a">HBZHT020008571</subfield></datafield><controlfield tag="030">a||ur||||||17</controlfield><datafield tag="036" ind1="a" ind2="1"><subfield code="a">XA-DE</subfield></datafield><datafield tag="037" ind1="b" ind2="1"><subfield code="a">ger</subfield></datafield><controlfield tag="050">||||||||g|||||</controlfield><controlfield tag="051">s|||||||</controlfield><datafield tag="060" ind1="-" ind2="1"><subfield code="b">txt</subfield><subfield code="a">Text</subfield></datafield><datafield tag="061" ind1="-" ind2="1"><subfield code="b">c</subfield><subfield code="a">Computermedien</subfield></datafield><datafield tag="062" ind1="-" ind2="1"><subfield code="b">cr</subfield><subfield code="a">Online-Ressource</subfield></datafield><datafield tag="070" ind1="-" ind2="1"><subfield code="a">290</subfield></datafield><datafield tag="070" ind1="b" ind2="1"><subfield code="a">290</subfield></datafield><datafield tag="078" ind1="i" ind2="1"><subfield code="a">iall</subfield><subfield code="a">OA</subfield></datafield><datafield tag="080" ind1="-" ind2="1"><subfield code="a">60</subfield></datafield><datafield tag="100" ind1="-" ind2="1"><subfield code="p">Böhme, René</subfield><subfield code="4">aut</subfield><subfield code="3">Verfasser</subfield><subfield code="9">(DE-588)1064190804</subfield></datafield><datafield tag="104" ind1="b" ind2="1"><subfield code="p">Fortmann, Fabian</subfield><subfield code="4">aut</subfield><subfield code="3">Verfasser</subfield></datafield><datafield tag="108" ind1="b" ind2="1"><subfield code="p">Persau, Valentin</subfield><subfield code="4">ctb</subfield><subfield code="3">Mitwirkender</subfield></datafield><datafield tag="331" ind1="-" ind2="1"><subfield code="a">Arbeitsmarktintegration von Geflüchteten</subfield></datafield><datafield tag="335" ind1="-" ind2="1"><subfield code="a">eine Bestandsaufnahme nach ausgewählten Branchen im Land Bremen</subfield></datafield><datafield tag="359" ind1="-" ind2="1"><subfield code="a">René Böhme, Fabian Fortmann, Valentin Persau</subfield></datafield><datafield tag="403" ind1="-" ind2="1"><subfield code="a">1. Auflage</subfield></datafield><datafield tag="419" ind1="-" ind2="1"><subfield code="a">Bremen</subfield><subfield code="b">Institut Arbeit und Wirtschaft (iaw), Universität</subfield><subfield code="c">Januar 2019</subfield></datafield><datafield tag="419" ind1="a" ind2="1"><subfield code="a">Bremen</subfield><subfield code="b">Arbeitnehmerkammer Bremen</subfield><subfield code="c">Januar 2019</subfield></datafield><datafield tag="425" ind1="a" ind2="1"><subfield code="a">2019</subfield></datafield><datafield tag="433" ind1="-" ind2="1"><subfield code="a">1 Online-Ressource (80 Seiten)</subfield></datafield><datafield tag="434" ind1="-" ind2="1"><subfield code="a">Illustrationen, Diagramme</subfield></datafield><datafield tag="451" ind1="-" ind2="1"><subfield code="a">Reihe Arbeit und Wirtschaft in Bremen ; 28</subfield></datafield><datafield tag="453" ind1="-" ind2="1"><subfield code="a">HT019890913</subfield></datafield><datafield tag="455" ind1="-" ind2="1"><subfield code="a">28</subfield></datafield><datafield tag="456" ind1="-" ind2="1"><subfield code="a">28</subfield></datafield><datafield tag="501" ind1="-" ind2="1"><subfield code="p">Literaturverzeichnis</subfield><subfield code="a">Seite 76-80</subfield></datafield><datafield tag="586" ind1="0" ind2="1"><subfield code="a">Open Access</subfield><subfield code="f">Unrestricted online access</subfield><subfield code="2">star</subfield></datafield><datafield tag="655" ind1="e" ind2="1"><subfield code="u">http://www.iaw.uni-bremen.de/ccm/publications/sonstige/arbeitsmarktintegration-von-gefluechteten.de</subfield><subfield code="x">Verlag</subfield><subfield code="z">kostenfrei</subfield><subfield code="3">Volltext</subfield><subfield code="A">0</subfield></datafield><datafield tag="776" ind1="-" ind2="1"><subfield code="i">Erscheint auch als</subfield><subfield code="n">Druck-Ausgabe</subfield><subfield code="t">Arbeitsmarktintegration von Geflüchteten</subfield><subfield code="d">Bremen : Institut Arbeit und Wirtschaft, Arbeitnehmerkammer Bremen, 2019</subfield></datafield><controlfield tag="SYS">022816923</controlfield><datafield tag="088" ind1=" " ind2=" "><subfield code="a">290/ET</subfield></datafield></record></metadata></record></ListRecords></OAI-PMH>